@misc{MISC01,
    author          = {Misc},
    title           = {Misc zero um},
    howpublished    = {\url{http://www.ipb.pt}},
    month           = {Fevereiro},
    year            = {2013},
}

@book{BOOK01,
    author          = {Autor, Numero Um, Numero dois, ETC},
    title           = {Titulo do book},
    year            = {2012},
    isbn            = {123456789},
    edition         = {1st},
    publisher       = {Publicaçoes, lda},
    address         = {Cidade, distrito, PAIS}
}

@Article{ARTIC01,
    author          = {nome do autor do artigo},
    title           = {Titulo do Artigo},
    journal         = {Proc. Intel European Research \& Innovation Conf., pp. 196, Leixlip},
    month           = {October},
    year            = {2011}
}

@inproceedings{INPROC1,
    author          = {Aoki, Ryo and Oikawa, Shuichi and Nakamura, Takashi and Miki, Satoshi},
    title           = {Hybrid OpenCL: Enhancing OpenCL for Distributed Processing},
    booktitle       = {Proceedings of the 2011 IEEE Ninth International Symposium on Parallel and Distributed Processing with Applications},
    series          = {ISPA '11},
    year            = {2011},
    isbn            = {978-0-7695-4428-1},
    pages           = {149--154},
    numpages        = {6},
    url             = {http://dx.doi.org/10.1109/ISPA.2011.28},
    doi             = {10.1109/ISPA.2011.28},
    acmid           = {2006198},
    publisher       = {IEEE Computer Society},
    address         = {Washington, DC, USA},
    keywords        = {middleware, heterogeneous computing, GPGPU},
}


@techreport{TECH01,
    author          = {Blaise Barney, Lawrence Livermore National Laboratory},
    title           = {POSIX Threads Programming},
    howpublished    = {\url{https://computing.llnl.gov/tutorials/pthreads/}},
    month           = {August},
    year            = {2012}
}


@unpublished{UNPUB01,
    author          = {CENAPAD},
    title           = {Curso de MPI}
}

@book{tsrevealed,
    author          = {Dan Maharry and Todd Meister},
    title           = {Typescript revealed},
    year            = {2013},
    isbn            = {978-1-4302-5725-7},
    edition         = {1st},
    publisher       = {Apress, lda},
}

@misc{tswebsite,
    author          = {typescriptlang team},
    title           = {TypeScript Website},
    howpublished    = {\url{http://www.typescriptlang.org}},
    month           = {5},
    year            = {2019},
}

@misc{html,
    author          = {w3c},
    title           = {HTML 5.2, W3C Recommendation},
    howpublished    = {\url{https://www.w3.org/TR/html52/introduction.html}},
    month           = {12},
    year            = {2017},
}

@misc{htmlcss,
    author          = {w3c},
    title           = {HTML \& CSS},
    howpublished    = {\url{https://www.w3.org/standards/webdesign/htmlcss}},
    month           = {12},
    year            = {2017},
}

@misc{sass,
    author          = {Jina Anne and Natalie Weizenbaum},
    title           = {Sass Documentation},
    howpublished    = {\url{https://sass-lang.com/documentation}},
    month           = {05},
    year            = {2019},
}

@book{angular,
    author          = {Shravan Kumar Kasagoni},
    title           = {Building Modern Web Applications Using Angular},
    year            = {2017},
    isbn            = {978-1-78588-072-8},
    edition         = {1st},
    publisher       = {Packt Publushing Ltd.},
}

@misc{angularjs,
    author          = {AngularJs Team},
    title           = {AngularJs homepage},
    howpublished    = {\url{https://angularjs.org/}},
    month           = {05},
    year            = {2019},
}

@misc{angularmaterial,
    author          = {Angular Material Team},
    title           = {Angular Material Homepage},
    howpublished    = {\url{https://material.angular.io/}},
    month           = {05},
    year            = {2019},
}

@book{materialdesign,
    author          = {Ian G. Clifton},
    title           = {Android User Interface Design},
    year            = {2016},
    isbn            = {978-0-134-19140-9},
    edition         = {2nd},
    publisher       = {Pearson Education Inc.},
}

@misc{angulartemplate,
    author          = {Fabio Martino and Nitin Kumar Mishra},
    title           = {SB Admin Material},
    howpublished    = {\url{https://github.com/start-javascript/sb-admin-material}},
    month           = {05},
    year            = {2019},
}

@misc{sbadmin,
    author          = {David Miller and Kouceyla and Ankur Kumar and Björn Clees},
    title           = {SB Material},
    howpublished    = {\url{https://github.com/BlackrockDigital/startbootstrap-sb-admin}},
    month           = {05},
    year            = {2019},
}